@phdthesis{ddp,
  author = {S. Alexander Spoon},
  title =  {Demand-Driven Type Inference with Subgoal Pruning},
  school = {Georgia Institute of Technology},
  year = 2005,
  address = {Atlanta, Georgia},
  note = {Also available at \url{http://www.lexspoon.org/ti/}}
}


@misc{mro,
  author = {Michele Simionato},
  type = {White Paper},
  title =  {The Python 2.3 Method Resolution Order},
  year = 2002,
  howpublished = {\url{http://www.python.org/download/releases/2.3/mro/}}
}

@book{refactoring,
  author = {Martin Fowler},
  title = {Refactoring},
  publisher = {Addison-Wesley Professional},
  year = {1999}
}

@misc{xs,
	title = {XS – A Measure of Structural Over-Complexity},
	type = {White Paper},
	author = {{Headway Software Technologies Ltd}},
	howpublished = {\url{http://www.headwaysoftware.com/products/structure101/XS-MeasurementFramework.pdf}},
	year = 2007
}

@mastersthesis{peptic,
	title = {Refactoring Support for the Eclipse Python Development Tools},
	author = {Dennis Hunziker and Ueli Kistler},
	school = {HSR – University of Applied Sciences Rapperswil},
	year = {2007}
}

@misc{brm,
	title = {BRM – Bicycle Repair Man},
	type = {Software},
	author = {Phil Dawes},
	howpublished = {\url{http://bicyclerepair.sourceforge.net/}}
}


@misc{PepticWiki,
	author = {Reto Schuettel and Robin Stocker},
	title = {PEPTIC Wiki},
	howpublished = {\url{http://peptic.ifs.hsr.ch/}},
	year = {2007}
}


@misc{EclipseIDE,
  key = {{Eclipse Foundation}},
  title = {Eclipse IDE},
  howpublished = {\url{http://www.eclipse.org/}},
  year = {2007}
}

@misc{checkstyle,
  key = {Checkstyle},
  title = {Checkstyle},
  howpublished = {\url{http://checkstyle.sourceforge.net/}},
  year = {2007}
}

@misc{shedskin,
  key = {shedskin},
  title = {Shed Skin – An Optimizing Python-to-C++ Compiler},
  howpublished = {\url{http://mark.dufour.googlepages.com/}},
  author = {Mark Dufour},
  year = {2007}
}


@Book{DesignPatterns,
	author = {Erich Gamma and Richard Helm and Ralph Johnson and John Vlissides},
	title = {Design Patterns},
	publisher = {Addison-Wesley Professional},
	year = {1997},
	month = {July}
}

@misc{dltk,
	title = {Dynamic Languages Toolkit},
	type = {Software},
	author = {{Eclipse Foundation}},
	howpublished = {\url{http://www.eclipse.org/dltk/}}
}

@inproceedings{cpa,
    author = "Ole Agesen",
    title = "The Cartesian Product Algorithm: Simple and Precise Type Inference Of Parametric Polymorphism",
    booktitle = "{ECOOP}",
    year = 1995,
    url = "citeseer.ist.psu.edu/agesen95cartesian.html"
}
